@misc
{
	scratchapixel,
	title = {{Scratchapixel.com}},
	howpublished = {\url{https://www.scratchapixel.com/}}
}

@misc
{
	wikipediaRotationMatrices,
	title = {{Matrices de rotation, wikipedia}},
	howpublished = {\url{https://fr.wikipedia.org/wiki/Matrice_de_rotation#En_dimension_trois}}
}

@misc
{
	wikipediaPhongReflectionModel,
	title = {{Wikipedia Phong Reflection Model}},
	howpublished = {\url{https://en.wikipedia.org/wiki/Phong_reflection_model}}
}

@misc
{
	mollyRocketMultithreading,
	title = {{MollyRocket - Handmade Ray 01 - Multithreading}},
	howpublished = {\url{https://www.youtube.com/c/MollyRocket}},
	note = {Implémentation de multithreading pour un ray-tracer}
}

@misc
{
	UCSDFresnel,
	author = {Steve Rotenberg},
	title = {{Fresnel Surfaces}},
	month = {Winter},
	year = {2017},
	howpublished = {\url{https://cseweb.ucsd.edu/classes/sp17/cse168-a/CSE168_03_Fresnel.pdf}},
	note = {Publié par University of California San Diego}
}

@misc
{
	WebGLRayTracer,
	author = {demofox},
	title = {{Reflect Refract TIR Fresnel RayT}},
	howpublished = {\url{https://www.shadertoy.com/view/4tyXDR}},
	note = {Référence de rendu visuel}
}

@misc
{
	WebGLPhongShading,
	author = {Prof. Dr. Thorsten Thormählen},
	howpublished = {\url{http://www.cs.toronto.edu/~jacobson/phong-demo/}},
	publisher = {University of Marburg},
	note = {Publié par University of Marburg. Référence de rendu visuel}
}
@misc
{
	PointIcosphereSubdiv1,
	title = {{Position des points de l'icosphere de subdivision 1}},
	howpublished = {\url{http://blog.andreaskahler.com/2009/06/creating-icosphere-mesh-in-code.html}}
}

@misc
{
	codinGameDesignPatternState,
	title = {{Design pattern State}},
	howpublished = {\url{https://www.codingame.com/playgrounds/10542/design-pattern-state/introduction}}
}

@misc
{
	wikipediaPatronDeMethode,
	title = {{Patron de méthode, wikipedia}},
	howpublished = {\url{https://fr.wikipedia.org/wiki/Patron_de_m%C3%A9thode}}
}

@misc
{
	wikipediaEtat,
	title = {{État (patron de conception), wikipedia}},
	howpublished = {\url{https://fr.wikipedia.org/wiki/%C3%89tat_(patron_de_conception)}}
}

@misc
{
    RefCSS,
    title={{Guide de référence CSS, Oracle}},
    howpublished = {\url{https://docs.oracle.com/javase/8/javafx/api/javafx/scene/doc-files/cssref.html}}
}

@misc
{
    RefJavafx,
    title={{Guide de référence javaFX, Oracle}},
    howpublished = {\url{https://docs.oracle.com/javase/8/javase-clienttechnologies.htm}}
}

@misc
{
    DocJava,
    title={{Javadoc de Java, Oracle}},
    howpublished={\url{https://docs.oracle.com/en/java/javase/16/}}
}

@misc
{
    DocJavaFX,
    title={{Javadoc de JavaFX, Oracle}},
    howpublished={\url{https://docs.oracle.com/en/java/javase/16/}}
}

@misc
{
	povRayDoc,
	title = {{POV-Ray for Unix}},
	howpublished = {\url{https://www.povray.org/documentation/3.7.0/r3_0.html}}
}
