@misc
{
	scratchapixel,
	title = {{Scratchapixel.com}},
	howpublished = {\url{https://www.scratchapixel.com/}}
}

@misc
{
	wikipediaRotationMatrices,
	title = {{Matrices de rotation, wikipedia}},
	howpublished = {\url{https://fr.wikipedia.org/wiki/Matrice_de_rotation#En_dimension_trois}}
}
